@misc{qr,
  title={Algorithms for the QR-Decomposition},
  author={Walter Gander},
  year={1980}
}